@article{article1,
	author = {Brajković, Emil and Volaric, Tomislav and Vasić, Daniel},
	title = {Pregled tehnika automatskog sažimanja teksta},
	year = {2018},
	month = {05},
	pages = {},
	volume = {xiii}
}

 @misc{wiki1,
    author = "{Wikipedia contributors}",
    title = "Automatic summarization --- {Wikipedia}{,} The Free Encyclopedia",
	year = "2020",
	url = "https://en.wikipedia.org/w/index.php?title=Automatic_summarization&oldid=959628932",
	note = "[Online; accessed 29-May-2020]"
  }

@misc{article2,
	author = "Sciforce",
	title = "Towards Automatic Summarization. Part 2. Abstractive Methods.",
	year = "2019",
	url = "https://medium.com/sciforce/towards-automatic-summarization-part-2-abstractive-methods-c424386a65ea",
	note = "[Online; accessed 29-May-2020]"
}

@misc{article3,
	author = "Aravind Pai",
	title = "Comprehensive Guide to Text Summarization using Deep Learning in Python",
	year = "2019",
	url = "https://www.analyticsvidhya.com/blog/2019/06/comprehensive-guide-text-summarization-using-deep-learning-python/",
	note = "[Online; accessed 29-May-2020]"
}
